[gd_scene load_steps=11 format=2]

[ext_resource path="res://minigames/kernel_compiling/minigame.gd" type="Script" id=1]
[ext_resource path="res://minigames/kernel_compiling/player_kernel_compiling.tscn" type="PackedScene" id=2]
[ext_resource path="res://minigames/kernel_compiling/battery/battery.tscn" type="PackedScene" id=3]
[ext_resource path="res://minigames/kernel_compiling/screen/screen.escn" type="PackedScene" id=4]
[ext_resource path="res://assets/control_view/control_view.tscn" type="PackedScene" id=5]
[ext_resource path="res://fonts/title_font.tres" type="DynamicFont" id=6]

[sub_resource type="PlaneMesh" id=1]

custom_aabb = AABB( 0, 0, 0, 0, 0, 0 )
size = Vector2( 10, 10 )
subdivide_width = 0
subdivide_depth = 0

[sub_resource type="CubeMesh" id=2]

custom_aabb = AABB( 0, 0, 0, 0, 0, 0 )
size = Vector3( 1, 1, 5 )
subdivide_width = 0
subdivide_height = 0
subdivide_depth = 0

[sub_resource type="Animation" id=3]

resource_name = "fadeout"
length = 1.0
loop = false
step = 0.1
tracks/0/type = "value"
tracks/0/path = NodePath("Label:custom_colors/font_color")
tracks/0/interp = 1
tracks/0/loop_wrap = true
tracks/0/imported = false
tracks/0/enabled = true
tracks/0/keys = {
"times": PoolRealArray( 0, 1 ),
"transitions": PoolRealArray( 1, 1 ),
"update": 0,
"values": [ Color( 1, 1, 1, 1 ), Color( 1, 1, 1, 0 ) ]
}
tracks/1/type = "value"
tracks/1/path = NodePath("Label:custom_colors/font_color_shadow")
tracks/1/interp = 1
tracks/1/loop_wrap = true
tracks/1/imported = false
tracks/1/enabled = true
tracks/1/keys = {
"times": PoolRealArray( 0, 1 ),
"transitions": PoolRealArray( 1, 1 ),
"update": 0,
"values": [ Color( 0, 0, 0, 1 ), Color( 0, 0, 0, 0 ) ]
}

[sub_resource type="Animation" id=4]

resource_name = "reset"
length = 1.0
loop = false
step = 0.1
tracks/0/type = "value"
tracks/0/path = NodePath("Label:custom_colors/font_color")
tracks/0/interp = 1
tracks/0/loop_wrap = true
tracks/0/imported = false
tracks/0/enabled = true
tracks/0/keys = {
"times": PoolRealArray( 0 ),
"transitions": PoolRealArray( 1 ),
"update": 0,
"values": [ Color( 1, 1, 1, 1 ) ]
}
tracks/1/type = "value"
tracks/1/path = NodePath("Label:custom_colors/font_color_shadow")
tracks/1/interp = 1
tracks/1/loop_wrap = true
tracks/1/imported = false
tracks/1/enabled = true
tracks/1/keys = {
"times": PoolRealArray( 0 ),
"transitions": PoolRealArray( 1 ),
"update": 0,
"values": [ Color( 0, 0, 0, 1 ) ]
}

[node name="Spatial" type="Spatial"]

script = ExtResource( 1 )
_sections_unfolded = [ "Transform" ]

[node name="Timer" type="Timer" parent="." index="0"]

process_mode = 1
wait_time = 2.0
one_shot = true
autostart = true

[node name="Ground" type="MeshInstance" parent="." index="1"]

layers = 1
material_override = null
cast_shadow = 1
extra_cull_margin = 0.0
use_in_baked_light = false
lod_min_distance = 0.0
lod_min_hysteresis = 0.0
lod_max_distance = 0.0
lod_max_hysteresis = 0.0
mesh = SubResource( 1 )
skeleton = NodePath("..")
material/0 = null

[node name="Player1" parent="." index="2" instance=ExtResource( 2 )]

transform = Transform( -1.62921e-07, 0, -1, 0, 1, 0, 1, 0, -1.62921e-07, 0, 0, -2 )
_sections_unfolded = [ "Transform" ]

[node name="Battery1" parent="." index="3" instance=ExtResource( 3 )]

transform = Transform( 1, 0, 0, 0, 1, 0, 0, 0, 1, -0.5, 0.15, -2 )

[node name="Player2" parent="." index="4" instance=ExtResource( 2 )]

transform = Transform( -1.62921e-07, 0, -1, 0, 1, 0, 1, 0, -1.62921e-07, 0, 0, -1 )
_sections_unfolded = [ "Transform" ]

[node name="Battery2" parent="." index="5" instance=ExtResource( 3 )]

transform = Transform( 1, 0, 0, 0, 1, 0, 0, 0, 1, -0.5, 0.15, -1 )

[node name="Player3" parent="." index="6" instance=ExtResource( 2 )]

transform = Transform( -1.62921e-07, 0, -1, 0, 1, 0, 1, 0, -1.62921e-07, 0, 0, 1 )
_sections_unfolded = [ "Transform" ]

[node name="Battery3" parent="." index="7" instance=ExtResource( 3 )]

transform = Transform( 1, 0, 0, 0, 1, 0, 0, 0, 1, -0.5, 0.15, 1 )

[node name="Player4" parent="." index="8" instance=ExtResource( 2 )]

transform = Transform( -1.62921e-07, 0, -1, 0, 1, 0, 1, 0, -1.62921e-07, 0, 0, 2 )
_sections_unfolded = [ "Transform" ]

[node name="Battery4" parent="." index="9" instance=ExtResource( 3 )]

transform = Transform( 1, 0, 0, 0, 1, 0, 0, 0, 1, -0.5, 0.15, 2 )

[node name="Camera" type="Camera" parent="." index="10"]

transform = Transform( -1.62921e-07, 0, -1, 0, 1, 0, 1, 0, -1.62921e-07, -3, 1, 0 )
keep_aspect = 1
cull_mask = 1048575
environment = null
h_offset = 0.0
v_offset = 0.0
doppler_tracking = 0
projection = 0
current = true
fov = 70.0
size = 1.0
near = 0.05
far = 100.0
_sections_unfolded = [ "Transform" ]

[node name="DirectionalLight" type="DirectionalLight" parent="." index="11"]

transform = Transform( -1.62921e-07, 0.5, -0.866025, 0, 0.866025, 0.5, 1, 8.14603e-08, -1.41093e-07, -5, 5, 0 )
layers = 1
light_color = Color( 1, 1, 1, 1 )
light_energy = 1.0
light_indirect_energy = 1.0
light_negative = false
light_specular = 0.5
light_bake_mode = 1
light_cull_mask = -1
shadow_enabled = false
shadow_color = Color( 0, 0, 0, 1 )
shadow_bias = 0.1
shadow_contact = 0.0
shadow_reverse_cull_face = false
editor_only = false
directional_shadow_mode = 2
directional_shadow_split_1 = 0.1
directional_shadow_split_2 = 0.2
directional_shadow_split_3 = 0.5
directional_shadow_blend_splits = false
directional_shadow_normal_bias = 0.8
directional_shadow_bias_split_scale = 0.25
directional_shadow_depth_range = 0
directional_shadow_max_distance = 200.0
_sections_unfolded = [ "Transform" ]

[node name="ScreenDesk" type="MeshInstance" parent="." index="12"]

transform = Transform( 1, 0, 0, 0, 1, 0, 0, 0, 1, 1, 0.5, 0 )
layers = 1
material_override = null
cast_shadow = 1
extra_cull_margin = 0.0
use_in_baked_light = false
lod_min_distance = 0.0
lod_min_hysteresis = 0.0
lod_max_distance = 0.0
lod_max_hysteresis = 0.0
mesh = SubResource( 2 )
skeleton = NodePath("..")
material/0 = null
_sections_unfolded = [ "Transform" ]

[node name="Screen1" parent="." index="13" instance=ExtResource( 4 )]

transform = Transform( -7.05325e-08, 0, -0.25, 0, 0.25, 0, 0.25, 0, -7.05325e-08, 1, 1.38, -2 )
_sections_unfolded = [ "Transform" ]

[node name="ControlView1" parent="." index="14" instance=ExtResource( 5 )]

transform = Transform( -7.05325e-08, -0.25, 4.07302e-08, 0, -4.07302e-08, -0.25, 0.25, -7.05325e-08, 1.14912e-14, 0.975, 1.38, -2 )
_sections_unfolded = [ "Transform" ]

[node name="Screen2" parent="." index="15" instance=ExtResource( 4 )]

transform = Transform( -7.05325e-08, 0, -0.25, 0, 0.25, 0, 0.25, 0, -7.05325e-08, 1, 1.38, -1 )
_sections_unfolded = [ "Transform" ]

[node name="ControlView2" parent="." index="16" instance=ExtResource( 5 )]

transform = Transform( -7.05325e-08, -0.25, 4.07302e-08, 0, -4.07302e-08, -0.25, 0.25, -7.05325e-08, 1.14912e-14, 0.975, 1.38, -1 )
_sections_unfolded = [ "Transform" ]

[node name="Screen3" parent="." index="17" instance=ExtResource( 4 )]

transform = Transform( -7.05325e-08, 0, -0.25, 0, 0.25, 0, 0.25, 0, -7.05325e-08, 1, 1.38, 1 )
_sections_unfolded = [ "Transform" ]

[node name="ControlView3" parent="." index="18" instance=ExtResource( 5 )]

transform = Transform( -7.05325e-08, -0.25, 4.07302e-08, 0, -4.07302e-08, -0.25, 0.25, -7.05325e-08, 1.14912e-14, 0.975, 1.38, 1 )
_sections_unfolded = [ "Transform" ]

[node name="Screen4" parent="." index="19" instance=ExtResource( 4 )]

transform = Transform( -7.05325e-08, 0, -0.25, 0, 0.25, 0, 0.25, 0, -7.05325e-08, 1, 1.38, 2 )
_sections_unfolded = [ "Transform" ]

[node name="ControlView4" parent="." index="20" instance=ExtResource( 5 )]

transform = Transform( -7.05325e-08, -0.25, 4.07302e-08, 0, -4.07302e-08, -0.25, 0.25, -7.05325e-08, 1.14912e-14, 0.975, 1.38, 2 )
_sections_unfolded = [ "Transform" ]

[node name="Overlay" type="Control" parent="." index="21"]

anchor_left = 0.0
anchor_top = 0.0
anchor_right = 1.0
anchor_bottom = 1.0
rect_pivot_offset = Vector2( 0, 0 )
rect_clip_content = false
mouse_filter = 0
mouse_default_cursor_shape = 0
size_flags_horizontal = 1
size_flags_vertical = 1

[node name="Label" type="Label" parent="Overlay" index="0"]

anchor_left = 0.0
anchor_top = 0.0
anchor_right = 1.0
anchor_bottom = 1.0
rect_pivot_offset = Vector2( 0, 0 )
rect_clip_content = false
mouse_filter = 2
mouse_default_cursor_shape = 0
size_flags_horizontal = 1
size_flags_vertical = 4
custom_fonts/font = ExtResource( 6 )
custom_colors/font_color = Color( 1, 1, 1, 1 )
custom_colors/font_color_shadow = Color( 0, 0, 0, 1 )
text = "Ready?"
align = 1
valign = 1
percent_visible = 1.0
lines_skipped = 0
max_lines_visible = -1
_sections_unfolded = [ "custom_colors" ]

[node name="AnimationPlayer" type="AnimationPlayer" parent="Overlay" index="1"]

root_node = NodePath("..")
autoplay = ""
playback_process_mode = 1
playback_default_blend_time = 0.0
playback_speed = 1.0
anims/fadeout = SubResource( 3 )
anims/reset = SubResource( 4 )
blend_times = [  ]

[connection signal="timeout" from="Timer" to="." method="_on_Timer_timeout"]


